<record><leader>00000cas a22000007a 4500</leader><controlfield tag="001">9579373</controlfield><controlfield tag="008">830606d18781879ksuwr ne      0    0ger d</controlfield><datafield ind1=" " ind2=" " tag="010"><subfield code="a">sn 83040202 </subfield></datafield><datafield ind1=" " ind2=" " tag="040"><subfield code="a">KSH</subfield><subfield code="b">eng</subfield><subfield code="c">KSH</subfield><subfield code="d">NPT</subfield><subfield code="d">DLC</subfield><subfield code="d">OCLCF</subfield><subfield code="d">OCLCO</subfield></datafield><datafield ind1="1" ind2=" " tag="029"><subfield code="a">AU@</subfield><subfield code="b">000025791969</subfield></datafield><datafield ind1=" " ind2=" " tag="042"><subfield code="a">msc</subfield></datafield><datafield ind1=" " ind2=" " tag="043"><subfield code="a">n-us-ks</subfield></datafield><datafield ind1="0" ind2="0" tag="245"><subfield code="a">Kansas Volksfreund.</subfield></datafield><datafield ind1=" " ind2=" " tag="260"><subfield code="a">Great Bend, Kan. :</subfield><subfield code="b">Phillip Schmidt &amp; Co.,</subfield><subfield code="c">1878-1879.</subfield></datafield><datafield ind1=" " ind2=" " tag="300"><subfield code="a">1 v. ;</subfield><subfield code="c">57-65 cm.</subfield></datafield><datafield ind1=" " ind2=" " tag="310"><subfield code="a">Weekly</subfield></datafield><datafield ind1="0" ind2=" " tag="362"><subfield code="a">Jahrg. 1, Nr. 1 (Sept. 7, 1878)-Jahrg. 1, Nr. 49 (Aug. 16, 1879)</subfield></datafield><datafield ind1=" " ind2=" " tag="500"><subfield code="a">Editor: Phillip Schmidt.</subfield></datafield><datafield ind1=" " ind2="0" tag="650"><subfield code="a">German American newspapers.</subfield></datafield><datafield ind1=" " ind2="7" tag="650"><subfield code="a">German American newspapers.</subfield><subfield code="2">fast</subfield><subfield code="0">(OCoLC)fst00941297</subfield></datafield><datafield ind1=" " ind2=" " tag="752"><subfield code="a">United States</subfield><subfield code="b">Kansas</subfield><subfield code="c">Barton</subfield><subfield code="d">Great Bend.</subfield></datafield><datafield ind1="0" ind2="7" tag="785"><subfield code="t">Neue Vaterland</subfield><subfield code="w">(DLC)sn 84030604</subfield></datafield><datafield ind1="0" ind2="7" tag="785"><subfield code="t">Stern des Westens</subfield><subfield code="w">(DLC)sn 85032568</subfield></datafield><datafield ind1="0" ind2="7" tag="785"><subfield code="t">Kansas Staats-Anzeiger</subfield><subfield code="w">(DLC)sn 85067139</subfield></datafield></record>